%YAML 1.1
%TAG !u! tag:unity3d.com,2011:
--- !u!29 &1
OcclusionCullingSettings:
  m_ObjectHideFlags: 0
  serializedVersion: 2
  m_OcclusionBakeSettings:
    smallestOccluder: 5
    smallestHole: 0.25
    backfaceThreshold: 100
  m_SceneGUID: 00000000000000000000000000000000
  m_OcclusionCullingData: {fileID: 0}
--- !u!104 &2
RenderSettings:
  m_ObjectHideFlags: 0
  serializedVersion: 8
  m_Fog: 0
  m_FogColor: {r: 0.5, g: 0.5, b: 0.5, a: 1}
  m_FogMode: 3
  m_FogDensity: 0.01
  m_LinearFogStart: 0
  m_LinearFogEnd: 300
  m_AmbientSkyColor: {r: 0.625, g: 0.625, b: 0.625, a: 1}
  m_AmbientEquatorColor: {r: 0.114, g: 0.125, b: 0.133, a: 1}
  m_AmbientGroundColor: {r: 0.047, g: 0.043, b: 0.035, a: 1}
  m_AmbientIntensity: 1
  m_AmbientMode: 3
  m_SubtractiveShadowColor: {r: 0.42, g: 0.478, b: 0.627, a: 1}
  m_SkyboxMaterial: {fileID: 10304, guid: 0000000000000000f000000000000000, type: 0}
  m_HaloStrength: 0.5
  m_FlareStrength: 1
  m_FlareFadeSpeed: 3
  m_HaloTexture: {fileID: 0}
  m_SpotCookie: {fileID: 10001, guid: 0000000000000000e000000000000000, type: 0}
  m_DefaultReflectionMode: 0
  m_DefaultReflectionResolution: 128
  m_ReflectionBounces: 1
  m_ReflectionIntensity: 0.394
  m_CustomReflection: {fileID: 0}
  m_Sun: {fileID: 0}
  m_IndirectSpecularColor: {r: 0.071323805, g: 0.08927811, b: 0.12106827, a: 0.394}
--- !u!157 &3
LightmapSettings:
  m_ObjectHideFlags: 0
  serializedVersion: 11
  m_GIWorkflowMode: 1
  m_GISettings:
    serializedVersion: 2
    m_BounceScale: 1
    m_IndirectOutputScale: 1
    m_AlbedoBoost: 1
    m_TemporalCoherenceThreshold: 1
    m_EnvironmentLightingMode: 1
    m_EnableBakedLightmaps: 1
    m_EnableRealtimeLightmaps: 1
  m_LightmapEditorSettings:
    serializedVersion: 9
    m_Resolution: 2
    m_BakeResolution: 2
    m_TextureWidth: 1024
    m_TextureHeight: 1024
    m_AO: 0
    m_AOMaxDistance: 1
    m_CompAOExponent: 1
    m_CompAOExponentDirect: 0
    m_Padding: 6
    m_LightmapParameters: {fileID: 0}
    m_LightmapsBakeMode: 1
    m_TextureCompression: 1
    m_FinalGather: 0
    m_FinalGatherFiltering: 1
    m_FinalGatherRayCount: 256
    m_ReflectionCompression: 2
    m_MixedBakeMode: 2
    m_BakeBackend: 0
    m_PVRSampling: 1
    m_PVRDirectSampleCount: 32
    m_PVRSampleCount: 500
    m_PVRBounces: 2
    m_PVRFiltering: 0
    m_PVRFilteringMode: 1
    m_PVRCulling: 1
    m_PVRFilteringGaussRadiusDirect: 1
    m_PVRFilteringGaussRadiusIndirect: 5
    m_PVRFilteringGaussRadiusAO: 2
    m_PVRFilteringAtrousColorSigma: 1
    m_PVRFilteringAtrousNormalSigma: 1
    m_PVRFilteringAtrousPositionSigma: 1
  m_LightingDataAsset: {fileID: 112000002, guid: 0e7a91b2d43eaed4d8d470328811ca97,
    type: 2}
  m_UseShadowmask: 1
--- !u!196 &4
NavMeshSettings:
  serializedVersion: 2
  m_ObjectHideFlags: 0
  m_BuildSettings:
    serializedVersion: 2
    agentTypeID: 0
    agentRadius: 0.5
    agentHeight: 2
    agentSlope: 45
    agentClimb: 0.4
    ledgeDropHeight: 0
    maxJumpAcrossDistance: 0
    minRegionArea: 2
    manualCellSize: 0
    cellSize: 0.16666667
    manualTileSize: 0
    tileSize: 256
    accuratePlacement: 0
  m_NavMeshData: {fileID: 0}
--- !u!1 &33541823
GameObject:
  m_ObjectHideFlags: 0
  m_PrefabParentObject: {fileID: 0}
  m_PrefabInternal: {fileID: 0}
  serializedVersion: 5
  m_Component:
  - component: {fileID: 33541828}
  - component: {fileID: 33541827}
  - component: {fileID: 33541826}
  - component: {fileID: 33541825}
  - component: {fileID: 33541824}
  m_Layer: 0
  m_Name: Main Camera
  m_TagString: MainCamera
  m_Icon: {fileID: 0}
  m_NavMeshLayer: 0
  m_StaticEditorFlags: 0
  m_IsActive: 1
--- !u!81 &33541824
AudioListener:
  m_ObjectHideFlags: 0
  m_PrefabParentObject: {fileID: 0}
  m_PrefabInternal: {fileID: 0}
  m_GameObject: {fileID: 33541823}
  m_Enabled: 1
--- !u!124 &33541825
Behaviour:
  m_ObjectHideFlags: 0
  m_PrefabParentObject: {fileID: 0}
  m_PrefabInternal: {fileID: 0}
  m_GameObject: {fileID: 33541823}
  m_Enabled: 1
--- !u!92 &33541826
Behaviour:
  m_ObjectHideFlags: 0
  m_PrefabParentObject: {fileID: 0}
  m_PrefabInternal: {fileID: 0}
  m_GameObject: {fileID: 33541823}
  m_Enabled: 1
--- !u!20 &33541827
Camera:
  m_ObjectHideFlags: 0
  m_PrefabParentObject: {fileID: 0}
  m_PrefabInternal: {fileID: 0}
  m_GameObject: {fileID: 33541823}
  m_Enabled: 1
  serializedVersion: 2
  m_ClearFlags: 2
  m_BackGroundColor: {r: 0.34509805, g: 0.65882355, b: 1, a: 0}
  m_NormalizedViewPortRect:
    serializedVersion: 2
    x: 0
    y: 0
    width: 1
    height: 1
  near clip plane: 0.3
  far clip plane: 1000
  field of view: 60
  orthographic: 1
  orthographic size: 2.6
  m_Depth: -1
  m_CullingMask:
    serializedVersion: 2
    m_Bits: 4294967295
  m_RenderingPath: -1
  m_TargetTexture: {fileID: 0}
  m_TargetDisplay: 0
  m_TargetEye: 3
  m_HDR: 1
  m_AllowMSAA: 1
  m_ForceIntoRT: 0
  m_OcclusionCulling: 1
  m_StereoConvergence: 10
  m_StereoSeparation: 0.022
  m_StereoMirrorMode: 0
--- !u!4 &33541828
Transform:
  m_ObjectHideFlags: 0
  m_PrefabParentObject: {fileID: 0}
  m_PrefabInternal: {fileID: 0}
  m_GameObject: {fileID: 33541823}
  m_LocalRotation: {x: 0.1155049, y: -0.87652606, z: 0.26138642, w: 0.38734728}
  m_LocalPosition: {x: 25.07, y: 23.67, z: 30.17}
  m_LocalScale: {x: 1, y: 1, z: 1}
  m_Children: []
  m_Father: {fileID: 0}
  m_RootOrder: 0
  m_LocalEulerAnglesHint: {x: 0, y: 0, z: 0}
--- !u!1001 &116810100
Prefab:
  m_ObjectHideFlags: 0
  serializedVersion: 2
  m_Modification:
    m_TransformParent: {fileID: 0}
    m_Modifications:
    - target: {fileID: 4246751476875406, guid: 3b96095910b21c8458607ec8c34d58f9, type: 2}
      propertyPath: m_LocalPosition.x
      value: -1
      objectReference: {fileID: 0}
    - target: {fileID: 4246751476875406, guid: 3b96095910b21c8458607ec8c34d58f9, type: 2}
      propertyPath: m_LocalPosition.y
      value: 0
      objectReference: {fileID: 0}
    - target: {fileID: 4246751476875406, guid: 3b96095910b21c8458607ec8c34d58f9, type: 2}
      propertyPath: m_LocalPosition.z
      value: 6
      objectReference: {fileID: 0}
    - target: {fileID: 4246751476875406, guid: 3b96095910b21c8458607ec8c34d58f9, type: 2}
      propertyPath: m_LocalRotation.x
      value: 0
      objectReference: {fileID: 0}
    - target: {fileID: 4246751476875406, guid: 3b96095910b21c8458607ec8c34d58f9, type: 2}
      propertyPath: m_LocalRotation.y
      value: 0
      objectReference: {fileID: 0}
    - target: {fileID: 4246751476875406, guid: 3b96095910b21c8458607ec8c34d58f9, type: 2}
      propertyPath: m_LocalRotation.z
      value: 0
      objectReference: {fileID: 0}
    - target: {fileID: 4246751476875406, guid: 3b96095910b21c8458607ec8c34d58f9, type: 2}
      propertyPath: m_LocalRotation.w
      value: 1
      objectReference: {fileID: 0}
    - target: {fileID: 4246751476875406, guid: 3b96095910b21c8458607ec8c34d58f9, type: 2}
      propertyPath: m_RootOrder
      value: 7
      objectReference: {fileID: 0}
    - target: {fileID: 1787681651834168, guid: 3b96095910b21c8458607ec8c34d58f9, type: 2}
      propertyPath: m_StaticEditorFlags
      value: 4294967294
      objectReference: {fileID: 0}
    - target: {fileID: 1527187459611130, guid: 3b96095910b21c8458607ec8c34d58f9, type: 2}
      propertyPath: m_StaticEditorFlags
      value: 4294967294
      objectReference: {fileID: 0}
    - target: {fileID: 1752868007078048, guid: 3b96095910b21c8458607ec8c34d58f9, type: 2}
      propertyPath: m_StaticEditorFlags
      value: 4294967294
      objectReference: {fileID: 0}
    - target: {fileID: 1539228870848658, guid: 3b96095910b21c8458607ec8c34d58f9, type: 2}
      propertyPath: m_StaticEditorFlags
      value: 4294967294
      objectReference: {fileID: 0}
    - target: {fileID: 1985933336031806, guid: 3b96095910b21c8458607ec8c34d58f9, type: 2}
      propertyPath: m_StaticEditorFlags
      value: 4294967294
      objectReference: {fileID: 0}
    - target: {fileID: 1822797554176722, guid: 3b96095910b21c8458607ec8c34d58f9, type: 2}
      propertyPath: m_StaticEditorFlags
      value: 4294967294
      objectReference: {fileID: 0}
    - target: {fileID: 1480217551267362, guid: 3b96095910b21c8458607ec8c34d58f9, type: 2}
      propertyPath: m_StaticEditorFlags
      value: 4294967294
      objectReference: {fileID: 0}
    - target: {fileID: 1024684495420878, guid: 3b96095910b21c8458607ec8c34d58f9, type: 2}
      propertyPath: m_StaticEditorFlags
      value: 4294967294
      objectReference: {fileID: 0}
    - target: {fileID: 1714631493120286, guid: 3b96095910b21c8458607ec8c34d58f9, type: 2}
      propertyPath: m_StaticEditorFlags
      value: 4294967294
      objectReference: {fileID: 0}
    - target: {fileID: 1296778956725328, guid: 3b96095910b21c8458607ec8c34d58f9, type: 2}
      propertyPath: m_StaticEditorFlags
      value: 4294967294
      objectReference: {fileID: 0}
    - target: {fileID: 1673966555078100, guid: 3b96095910b21c8458607ec8c34d58f9, type: 2}
      propertyPath: m_StaticEditorFlags
      value: 4294967294
      objectReference: {fileID: 0}
    - target: {fileID: 1795191150679412, guid: 3b96095910b21c8458607ec8c34d58f9, type: 2}
      propertyPath: m_StaticEditorFlags
      value: 4294967294
      objectReference: {fileID: 0}
    - target: {fileID: 1712609010682652, guid: 3b96095910b21c8458607ec8c34d58f9, type: 2}
      propertyPath: m_StaticEditorFlags
      value: 4294967294
      objectReference: {fileID: 0}
    - target: {fileID: 1697785096537678, guid: 3b96095910b21c8458607ec8c34d58f9, type: 2}
      propertyPath: m_StaticEditorFlags
      value: 4294967294
      objectReference: {fileID: 0}
    - target: {fileID: 1103158361295536, guid: 3b96095910b21c8458607ec8c34d58f9, type: 2}
      propertyPath: m_StaticEditorFlags
      value: 4294967294
      objectReference: {fileID: 0}
    - target: {fileID: 1790409842100018, guid: 3b96095910b21c8458607ec8c34d58f9, type: 2}
      propertyPath: m_StaticEditorFlags
      value: 4294967294
      objectReference: {fileID: 0}
    m_RemovedComponents: []
  m_ParentPrefab: {fileID: 100100000, guid: 3b96095910b21c8458607ec8c34d58f9, type: 2}
  m_IsPrefabParent: 0
--- !u!1 &172366961
GameObject:
  m_ObjectHideFlags: 0
  m_PrefabParentObject: {fileID: 0}
  m_PrefabInternal: {fileID: 0}
  serializedVersion: 5
  m_Component:
  - component: {fileID: 172366963}
  - component: {fileID: 172366962}
  m_Layer: 0
  m_Name: Directional Light
  m_TagString: Untagged
  m_Icon: {fileID: 0}
  m_NavMeshLayer: 0
  m_StaticEditorFlags: 4294967295
  m_IsActive: 1
--- !u!108 &172366962
Light:
  m_ObjectHideFlags: 0
  m_PrefabParentObject: {fileID: 0}
  m_PrefabInternal: {fileID: 0}
  m_GameObject: {fileID: 172366961}
  m_Enabled: 1
  serializedVersion: 8
  m_Type: 1
  m_Color: {r: 1, g: 1, b: 1, a: 1}
  m_Intensity: 1.2
  m_Range: 10
  m_SpotAngle: 30
  m_CookieSize: 10
  m_Shadows:
    m_Type: 1
    m_Resolution: 3
    m_CustomResolution: -1
    m_Strength: 1
    m_Bias: 0.03
    m_NormalBias: 0
    m_NearPlane: 0.1
  m_Cookie: {fileID: 0}
  m_DrawHalo: 0
  m_Flare: {fileID: 0}
  m_RenderMode: 0
  m_CullingMask:
    serializedVersion: 2
    m_Bits: 4294967295
  m_Lightmapping: 1
  m_AreaSize: {x: 1, y: 1}
  m_BounceIntensity: 1
  m_ColorTemperature: 6570
  m_UseColorTemperature: 0
  m_ShadowRadius: 0
  m_ShadowAngle: 0
--- !u!4 &172366963
Transform:
  m_ObjectHideFlags: 0
  m_PrefabParentObject: {fileID: 0}
  m_PrefabInternal: {fileID: 0}
  m_GameObject: {fileID: 172366961}
  m_LocalRotation: {x: 0.7457084, y: 0.20208351, z: 0.28330448, w: 0.56817245}
  m_LocalPosition: {x: 0, y: 3, z: 0}
  m_LocalScale: {x: 1, y: 1, z: 1}
  m_Children: []
  m_Father: {fileID: 0}
  m_RootOrder: 1
  m_LocalEulerAnglesHint: {x: 47.128002, y: 106.553, z: -606.372}
--- !u!1001 &354139074
Prefab:
  m_ObjectHideFlags: 0
  serializedVersion: 2
  m_Modification:
    m_TransformParent: {fileID: 0}
    m_Modifications:
    - target: {fileID: 4576116502294702, guid: 36c490854913c384186295b88334f2ca, type: 2}
      propertyPath: m_LocalPosition.x
      value: 1.008
      objectReference: {fileID: 0}
    - target: {fileID: 4576116502294702, guid: 36c490854913c384186295b88334f2ca, type: 2}
      propertyPath: m_LocalPosition.y
      value: 0.11000091
      objectReference: {fileID: 0}
    - target: {fileID: 4576116502294702, guid: 36c490854913c384186295b88334f2ca, type: 2}
      propertyPath: m_LocalPosition.z
      value: 8.292
      objectReference: {fileID: 0}
    - target: {fileID: 4576116502294702, guid: 36c490854913c384186295b88334f2ca, type: 2}
      propertyPath: m_LocalRotation.x
      value: -0.0000025202653
      objectReference: {fileID: 0}
    - target: {fileID: 4576116502294702, guid: 36c490854913c384186295b88334f2ca, type: 2}
      propertyPath: m_LocalRotation.y
      value: -0.087789655
      objectReference: {fileID: 0}
    - target: {fileID: 4576116502294702, guid: 36c490854913c384186295b88334f2ca, type: 2}
      propertyPath: m_LocalRotation.z
      value: 0.0000033775275
      objectReference: {fileID: 0}
    - target: {fileID: 4576116502294702, guid: 36c490854913c384186295b88334f2ca, type: 2}
      propertyPath: m_LocalRotation.w
      value: -0.99613905
      objectReference: {fileID: 0}
    - target: {fileID: 4576116502294702, guid: 36c490854913c384186295b88334f2ca, type: 2}
      propertyPath: m_RootOrder
      value: 5
      objectReference: {fileID: 0}
    - target: {fileID: 4576116502294702, guid: 36c490854913c384186295b88334f2ca, type: 2}
      propertyPath: m_LocalScale.x
      value: 0.94495946
      objectReference: {fileID: 0}
    - target: {fileID: 4576116502294702, guid: 36c490854913c384186295b88334f2ca, type: 2}
      propertyPath: m_LocalScale.y
      value: 0.9449608
      objectReference: {fileID: 0}
    - target: {fileID: 4576116502294702, guid: 36c490854913c384186295b88334f2ca, type: 2}
      propertyPath: m_LocalScale.z
      value: 1.5175712
      objectReference: {fileID: 0}
    - target: {fileID: 1445165083299344, guid: 36c490854913c384186295b88334f2ca, type: 2}
      propertyPath: m_IsActive
      value: 1
      objectReference: {fileID: 0}
    - target: {fileID: 4576116502294702, guid: 36c490854913c384186295b88334f2ca, type: 2}
      propertyPath: m_LocalEulerAnglesHint.y
      value: 99.59801
      objectReference: {fileID: 0}
    - target: {fileID: 23027484755469184, guid: 36c490854913c384186295b88334f2ca,
        type: 2}
      propertyPath: m_Materials.Array.data[0]
      value: 
      objectReference: {fileID: 2100000, guid: 2820836a736566b449c452b6ccb8164a, type: 2}
    m_RemovedComponents: []
  m_ParentPrefab: {fileID: 100100000, guid: 36c490854913c384186295b88334f2ca, type: 2}
  m_IsPrefabParent: 0
--- !u!1001 &1214390258
Prefab:
  m_ObjectHideFlags: 0
  serializedVersion: 2
  m_Modification:
    m_TransformParent: {fileID: 0}
    m_Modifications:
    - target: {fileID: 4780929590423256, guid: 0f959c845224e584f9a929f93a2d0346, type: 2}
      propertyPath: m_LocalPosition.x
      value: 1.0097845
      objectReference: {fileID: 0}
    - target: {fileID: 4780929590423256, guid: 0f959c845224e584f9a929f93a2d0346, type: 2}
      propertyPath: m_LocalPosition.y
      value: 0.113001525
      objectReference: {fileID: 0}
    - target: {fileID: 4780929590423256, guid: 0f959c845224e584f9a929f93a2d0346, type: 2}
      propertyPath: m_LocalPosition.z
      value: 8.386988
      objectReference: {fileID: 0}
    - target: {fileID: 4780929590423256, guid: 0f959c845224e584f9a929f93a2d0346, type: 2}
      propertyPath: m_LocalRotation.x
      value: -0.0000022288627
      objectReference: {fileID: 0}
    - target: {fileID: 4780929590423256, guid: 0f959c845224e584f9a929f93a2d0346, type: 2}
      propertyPath: m_LocalRotation.y
      value: -0.0041439533
      objectReference: {fileID: 0}
    - target: {fileID: 4780929590423256, guid: 0f959c845224e584f9a929f93a2d0346, type: 2}
      propertyPath: m_LocalRotation.z
      value: 0.0000035765347
      objectReference: {fileID: 0}
    - target: {fileID: 4780929590423256, guid: 0f959c845224e584f9a929f93a2d0346, type: 2}
      propertyPath: m_LocalRotation.w
      value: -0.9999914
      objectReference: {fileID: 0}
    - target: {fileID: 4780929590423256, guid: 0f959c845224e584f9a929f93a2d0346, type: 2}
      propertyPath: m_RootOrder
      value: 4
      objectReference: {fileID: 0}
    - target: {fileID: 4780929590423256, guid: 0f959c845224e584f9a929f93a2d0346, type: 2}
      propertyPath: m_LocalScale.x
      value: 1.5
      objectReference: {fileID: 0}
    - target: {fileID: 4780929590423256, guid: 0f959c845224e584f9a929f93a2d0346, type: 2}
      propertyPath: m_LocalScale.y
      value: 1.5
      objectReference: {fileID: 0}
    - target: {fileID: 4780929590423256, guid: 0f959c845224e584f9a929f93a2d0346, type: 2}
      propertyPath: m_LocalScale.z
      value: 1.5
      objectReference: {fileID: 0}
    m_RemovedComponents: []
  m_ParentPrefab: {fileID: 100100000, guid: 0f959c845224e584f9a929f93a2d0346, type: 2}
  m_IsPrefabParent: 0
--- !u!1001 &1613854307
Prefab:
  m_ObjectHideFlags: 0
  serializedVersion: 2
  m_Modification:
    m_TransformParent: {fileID: 0}
    m_Modifications:
    - target: {fileID: 4654912531490836, guid: 7cf8cbd1a15ac204eae22268464d2254, type: 2}
      propertyPath: m_LocalPosition.x
      value: 0.83631873
      objectReference: {fileID: 0}
    - target: {fileID: 4654912531490836, guid: 7cf8cbd1a15ac204eae22268464d2254, type: 2}
      propertyPath: m_LocalPosition.y
      value: 1.11
      objectReference: {fileID: 0}
    - target: {fileID: 4654912531490836, guid: 7cf8cbd1a15ac204eae22268464d2254, type: 2}
      propertyPath: m_LocalPosition.z
      value: 8.529499
      objectReference: {fileID: 0}
    - target: {fileID: 4654912531490836, guid: 7cf8cbd1a15ac204eae22268464d2254, type: 2}
      propertyPath: m_LocalRotation.x
      value: 0.000001606016
      objectReference: {fileID: 0}
    - target: {fileID: 4654912531490836, guid: 7cf8cbd1a15ac204eae22268464d2254, type: 2}
      propertyPath: m_LocalRotation.y
      value: 0.7564058
      objectReference: {fileID: 0}
    - target: {fileID: 4654912531490836, guid: 7cf8cbd1a15ac204eae22268464d2254, type: 2}
      propertyPath: m_LocalRotation.z
      value: -0.0000008347418
      objectReference: {fileID: 0}
    - target: {fileID: 4654912531490836, guid: 7cf8cbd1a15ac204eae22268464d2254, type: 2}
      propertyPath: m_LocalRotation.w
      value: 0.65410274
      objectReference: {fileID: 0}
    - target: {fileID: 4654912531490836, guid: 7cf8cbd1a15ac204eae22268464d2254, type: 2}
      propertyPath: m_RootOrder
      value: 6
      objectReference: {fileID: 0}
    - target: {fileID: 4654912531490836, guid: 7cf8cbd1a15ac204eae22268464d2254, type: 2}
      propertyPath: m_LocalEulerAnglesHint.y
      value: -621.703
      objectReference: {fileID: 0}
    - target: {fileID: 4654912531490836, guid: 7cf8cbd1a15ac204eae22268464d2254, type: 2}
      propertyPath: m_LocalScale.x
      value: 1
      objectReference: {fileID: 0}
    - target: {fileID: 4654912531490836, guid: 7cf8cbd1a15ac204eae22268464d2254, type: 2}
      propertyPath: m_LocalScale.z
      value: 1
      objectReference: {fileID: 0}
    m_RemovedComponents: []
  m_ParentPrefab: {fileID: 100100000, guid: 7cf8cbd1a15ac204eae22268464d2254, type: 2}
  m_IsPrefabParent: 0
--- !u!1 &1729947141
GameObject:
  m_ObjectHideFlags: 0
  m_PrefabParentObject: {fileID: 0}
  m_PrefabInternal: {fileID: 0}
  serializedVersion: 5
  m_Component:
  - component: {fileID: 1729947145}
  - component: {fileID: 1729947144}
  - component: {fileID: 1729947143}
  - component: {fileID: 1729947142}
  m_Layer: 0
  m_Name: Ground Plane
  m_TagString: Untagged
  m_Icon: {fileID: 0}
  m_NavMeshLayer: 0
  m_StaticEditorFlags: 0
  m_IsActive: 1
--- !u!23 &1729947142
MeshRenderer:
  m_ObjectHideFlags: 0
  m_PrefabParentObject: {fileID: 0}
  m_PrefabInternal: {fileID: 0}
  m_GameObject: {fileID: 1729947141}
  m_Enabled: 1
  m_CastShadows: 1
  m_ReceiveShadows: 1
  m_MotionVectors: 1
  m_LightProbeUsage: 1
  m_ReflectionProbeUsage: 1
  m_Materials:
  - {fileID: 2100000, guid: 99c11a67f93476a4b86d9df27a7db5d5, type: 2}
  m_StaticBatchInfo:
    firstSubMesh: 0
    subMeshCount: 0
  m_StaticBatchRoot: {fileID: 0}
  m_ProbeAnchor: {fileID: 0}
  m_LightProbeVolumeOverride: {fileID: 0}
  m_ScaleInLightmap: 1
  m_PreserveUVs: 1
  m_IgnoreNormalsForChartDetection: 0
  m_ImportantGI: 0
  m_SelectedEditorRenderState: 3
  m_MinimumChartSize: 4
  m_AutoUVMaxDistance: 0.5
  m_AutoUVMaxAngle: 89
  m_LightmapParameters: {fileID: 0}
  m_SortingLayerID: 0
  m_SortingLayer: 0
  m_SortingOrder: 0
--- !u!64 &1729947143
MeshCollider:
  m_ObjectHideFlags: 0
  m_PrefabParentObject: {fileID: 0}
  m_PrefabInternal: {fileID: 0}
  m_GameObject: {fileID: 1729947141}
  m_Material: {fileID: 0}
  m_IsTrigger: 0
  m_Enabled: 1
  serializedVersion: 2
  m_Convex: 0
  m_InflateMesh: 0
  m_SkinWidth: 0.01
  m_Mesh: {fileID: 10209, guid: 0000000000000000e000000000000000, type: 0}
--- !u!33 &1729947144
MeshFilter:
  m_ObjectHideFlags: 0
  m_PrefabParentObject: {fileID: 0}
  m_PrefabInternal: {fileID: 0}
  m_GameObject: {fileID: 1729947141}
  m_Mesh: {fileID: 10209, guid: 0000000000000000e000000000000000, type: 0}
--- !u!4 &1729947145
Transform:
  m_ObjectHideFlags: 0
  m_PrefabParentObject: {fileID: 0}
  m_PrefabInternal: {fileID: 0}
  m_GameObject: {fileID: 1729947141}
  m_LocalRotation: {x: -0, y: -0, z: -0, w: 1}
  m_LocalPosition: {x: -1.43, y: 0, z: 5.78}
  m_LocalScale: {x: 1.3872367, y: 1.3872368, z: 1.3872368}
  m_Children: []
  m_Father: {fileID: 0}
  m_RootOrder: 3
  m_LocalEulerAnglesHint: {x: 0, y: 0, z: 0}
--- !u!1 &1895919410
GameObject:
  m_ObjectHideFlags: 0
  m_PrefabParentObject: {fileID: 0}
  m_PrefabInternal: {fileID: 0}
  serializedVersion: 5
  m_Component:
  - component: {fileID: 1895919412}
  - component: {fileID: 1895919411}
  m_Layer: 0
  m_Name: Light Probe Group
  m_TagString: Untagged
  m_Icon: {fileID: 0}
  m_NavMeshLayer: 0
  m_StaticEditorFlags: 0
  m_IsActive: 1
--- !u!220 &1895919411
LightProbeGroup:
  m_ObjectHideFlags: 0
  m_PrefabParentObject: {fileID: 0}
  m_PrefabInternal: {fileID: 0}
  m_GameObject: {fileID: 1895919410}
  m_Enabled: 0
  m_SourcePositions:
  - {x: 1.3539966, y: 1, z: 3.4971585}
  - {x: 1.3539966, y: 1, z: -1.5486951}
  - {x: 1.3539966, y: -1, z: 3.4971585}
  - {x: 1.3539966, y: -1, z: -1.5486951}
  - {x: -1.5486951, y: 1, z: 3.4971585}
  - {x: -1.5486951, y: 1, z: -1.5486951}
  - {x: -1.5486951, y: -1, z: 3.4971585}
  - {x: -1.5486951, y: -1, z: -1.5486951}
--- !u!4 &1895919412
Transform:
  m_ObjectHideFlags: 0
  m_PrefabParentObject: {fileID: 0}
  m_PrefabInternal: {fileID: 0}
  m_GameObject: {fileID: 1895919410}
  m_LocalRotation: {x: -0, y: -0, z: -0, w: 1}
  m_LocalPosition: {x: 0, y: 0.31853348, z: -3.9}
  m_LocalScale: {x: 1, y: 1, z: 1}
  m_Children: []
  m_Father: {fileID: 0}
  m_RootOrder: 2
  m_LocalEulerAnglesHint: {x: 0, y: 0, z: 0}
